

@misc{APG.11.2013,
 author = {APG},
 year = {11.2013},
 title = {{M}asterplan 2030},
 editor = {APG}
}



@misc{APG.2015,
 author = {APG},
 year = {2015},
 title = {{B}alancing},
 url = {https://www.apg.at/en/market/balancing},
 urldate = {06.2015}
}

@misc{Inkscape.2015,
 author = {Inkscape},
 year = {2015},
 title = {{D}ownload},
 url = {https://inkscape.org/en/download/},
 urldate = {06.2015}
}

@misc{Texstudio.2015,
 author = {van der Zander and Sundermeyer and Braun and Hoffmann},
 year = {2015},
 title = {{W}elcome to \TeX studio},
 url = {http://texstudio.sourceforge.net/},
 urldate = {06.2015}
}

@misc{TUG.2015,
 author = {Quaritsch and Volt and Prokop and Schlager},
 year = {2015},
 title = {{W}illkommen bei \LaTeX{} TU {G}raz},
 url = {http://latex.tugraz.at/start},
 urldate = {06.2015}
}

@misc{texstackexchange.2015,
 author = {{stack exchange inc}},
 year = {2015},
 title = {{B}iblatex with {B}iber: {C}onfiguring my editor to avoid undefined citations},
 url = {http://tex.stackexchange.com/questions/154751/biblatex-with-biber-configuring-my-editor-to-avoid-undefined-citations},
 urldate = {06.2015}
}

@misc{Joskow.2005,
 author = {Joskow, P.},
 year = {2005},
 title = {{R}egulation of {N}atural {M}onopolies: {W}orking {P}aper},
 institution = {{Massachusetts Institute of Technology}}
}

@book{Wirl.1991,
 author = {Wirl, Franz},
 year = {1991},
 title = {{D}ie {T}heorie der {\"o}ffentlichen {F}irmen {R}ahmenbedingungen f{\"u}r effiziente {V}ersorgungsunternehmen: {Z}ugl.: {W}ien, {U}niv., {H}abil.-{S}chr},
 address = {Baden-Baden},
 edition = {1. Aufl},
 volume = {126},
 publisher = {Nomos-Verl.-Ges},
 isbn = {3-7890-2450-3},
 series = {{S}chriften zur {\"o}ffentlichen {V}erwaltung und {\"o}ffentlichen {W}irtschaft}
}
